<record><leader>00000cas a22000007a 4500</leader><controlfield tag="001">12006340</controlfield><controlfield tag="008">850507d19621968njuwr ne      0    0eng d</controlfield><datafield ind1=" " ind2=" " tag="010"><subfield code="a">sn 85035651 </subfield></datafield><datafield ind1=" " ind2=" " tag="040"><subfield code="a">NPA</subfield><subfield code="b">eng</subfield><subfield code="c">NPA</subfield><subfield code="d">NJW</subfield><subfield code="d">OCLCQ</subfield></datafield><datafield ind1=" " ind2=" " tag="042"><subfield code="a">msc</subfield></datafield><datafield ind1="0" ind2="0" tag="245"><subfield code="a">Central Jersey, The Monroe news.</subfield></datafield><datafield ind1="3" ind2="0" tag="246"><subfield code="a">Monroe news</subfield></datafield><datafield ind1=" " ind2=" " tag="260"><subfield code="a">Jamesburg, N.J. :</subfield><subfield code="b">Edgar Weber,</subfield><subfield code="c">1962-1968.</subfield></datafield><datafield ind1=" " ind2=" " tag="300"><subfield code="a">v. :</subfield><subfield code="b">ill.</subfield></datafield><datafield ind1=" " ind2=" " tag="310"><subfield code="a">Weekly</subfield></datafield><datafield ind1="0" ind2=" " tag="362"><subfield code="a">Vol. 1, no. 24 (Mar. 29, 1962)-v. 7, no. 36 (June 27, 1968).</subfield></datafield><datafield ind1=" " ind2=" " tag="500"><subfield code="a">Published by Monroe News, Inc., June 25, 1964-June 27, 1968.</subfield></datafield><datafield ind1=" " ind2=" " tag="530"><subfield code="a">Also issued on micrfilm by the Rutgers University Library Photoduplication Dept.</subfield></datafield><datafield ind1=" " ind2=" " tag="752"><subfield code="a">United States</subfield><subfield code="b">New Jersey</subfield><subfield code="c">Middlesex</subfield><subfield code="d">Jamesburg.</subfield></datafield><datafield ind1=" " ind2=" " tag="752"><subfield code="a">United States</subfield><subfield code="b">New Jersey</subfield><subfield code="c">Middlesex</subfield><subfield code="d">Monroe.</subfield></datafield><datafield ind1="0" ind2="0" tag="780"><subfield code="t">Monroe news</subfield><subfield code="w">(DLC)sn 85035650</subfield><subfield code="w">(OCoLC)12006300</subfield></datafield><datafield ind1="0" ind2="0" tag="785"><subfield code="t">Central Jersey news</subfield><subfield code="w">(DLC)sn 85035652</subfield><subfield code="w">(OCoLC)12006377</subfield></datafield></record>